<record><leader>00000cas a22000007a 4500</leader><controlfield tag="001">9840396</controlfield><controlfield tag="008">830824d18221823nyuwr ne      0    0eng d</controlfield><datafield ind1=" " ind2=" " tag="010"><subfield code="a">sn 83031309 </subfield></datafield><datafield ind1=" " ind2=" " tag="040"><subfield code="a">NPU</subfield><subfield code="b">eng</subfield><subfield code="c">NPU</subfield><subfield code="d">NPX</subfield><subfield code="d">NYS</subfield><subfield code="d">OCL</subfield><subfield code="d">OCLCF</subfield><subfield code="d">OCLCO</subfield></datafield><datafield ind1=" " ind2=" " tag="042"><subfield code="a">msc</subfield></datafield><datafield ind1=" " ind2="4" tag="050"><subfield code="a">PS1</subfield><subfield code="b">.M57</subfield></datafield><datafield ind1="0" ind2="4" tag="245"><subfield code="a">The Miscellaneous register.</subfield></datafield><datafield ind1=" " ind2=" " tag="260"><subfield code="a">Geneva, N.Y. :</subfield><subfield code="b">William Ray,</subfield><subfield code="c">1822-1823.</subfield></datafield><datafield ind1=" " ind2=" " tag="300"><subfield code="a">v. ;</subfield><subfield code="c">27 cm.</subfield></datafield><datafield ind1=" " ind2=" " tag="310"><subfield code="a">Weekly</subfield></datafield><datafield ind1="0" ind2=" " tag="362"><subfield code="a">Vol. 1, no. 1 (July 20, 1822)-v. 2, no. 16 (Dec. 13, 1823) = whole no. [1]-68.</subfield></datafield><datafield ind1=" " ind2=" " tag="500"><subfield code="a">Editor: William Ray, 1822-1823.</subfield></datafield><datafield ind1=" " ind2=" " tag="500"><subfield code="a">Published from the office of: Geneva palladium.</subfield></datafield><datafield ind1=" " ind2=" " tag="515"><subfield code="a">Vol. 1, no. 1 also issued in a second edition.</subfield></datafield><datafield ind1=" " ind2=" " tag="500"><subfield code="a">Publishers: William Ray, 1822; Ray &amp; Leavenworth, 1822-1823; William Ray, 1823.</subfield></datafield><datafield ind1=" " ind2=" " tag="500"><subfield code="a">Printers: Samuel P. Hull, 1822; Hiram Leavenworth, 1822-1823; J.B. Seely, 1823; William Ray, 1823.</subfield></datafield><datafield ind1=" " ind2="0" tag="651"><subfield code="a">Geneva (N.Y.)</subfield><subfield code="v">Newspapers.</subfield></datafield><datafield ind1=" " ind2="7" tag="655"><subfield code="a">Newspapers.</subfield><subfield code="2">fast</subfield><subfield code="0">(OCoLC)fst01423814</subfield></datafield><datafield ind1=" " ind2="7" tag="651"><subfield code="a">New York (State)</subfield><subfield code="z">Geneva.</subfield><subfield code="2">fast</subfield><subfield code="0">(OCoLC)fst01202948</subfield></datafield><datafield ind1=" " ind2=" " tag="752"><subfield code="a">United States</subfield><subfield code="b">New York</subfield><subfield code="c">Ontario</subfield><subfield code="d">Geneva.</subfield></datafield></record>